Automatically generated by Mendeley Desktop 1.15.2
Any changes to this file will be lost if it is regenerated by Mendeley.

BibTeX export options can be customized via Preferences -> BibTeX in Mendeley Desktop

@article{EuropeanCommission2013,
author = {{European Commission}},
file = {:Users/joaorocha/Library/Application Support/Mendeley Desktop/Downloaded/European Commission - 2013 - Guidelines on Open Access to Scientific Publications and Research Data in Horizon 2020(2).pdf:pdf},
mendeley-groups = {Policies + Strategies},
number = {December},
pages = {1--14},
title = {{Guidelines on Open Access to Scientific Publications and Research Data in Horizon 2020}},
year = {2013}
}

@techreport{Jones2011,
abstract = {This document provides a technical review of the capabilities, benefits and drawbacks of two leading$\backslash$r$\backslash$nOpen Access Repository Registries (OARRs) â€“ OpenDOAR and ROAR. Both systems are considered qualitatively and quantitatively with a view to identifying those facets which provide value for a repository registry service.},
author = {Jones, Richard and Ramsay, Malcolm},
file = {:Users/Rocha/Library/Application Support/Mendeley Desktop/Downloaded/Jones, Ramsay - 2011 - A Technical Review of Open Access Repository Registries.pdf:pdf},
institution = {Cottage Labs for UKOLN},
keywords = {Interoperability and Integration,Open Access Research Outputs},
number = {July},
title = {{A Technical Review of Open Access Repository Registries}},
url = {http://ie-repository.jisc.ac.uk/612/},
year = {2011}
}
